@book{pierce,
	title = {Types and Programming Languages},
	author = {Benjamin C. Pierce},
	isbn = {0-262-16209-1},
	year = {2002},
	publisher = {The MIT Press}
}

@online{breslav,
	author = {Andrey Breslav},
	title = {JVM Languages Report: Extended Interview With Kotlin Creator Andrey Breslav},
	year = {2013},
	url = {https://www.jrebel.com/blog/interview-with-kotlin-creator-andrey-breslav}
}

@book{krishnamurthi2012,
	author = {Shriram Krishnamurthi},
	title = {Programming Languages: Applications and Interpretations (PLAI)},
	year = {2012},
	url = {https://www.plai.org/}
}

@book{krishnamurthi2019,
	author = {Shriram Krishnamurthi and Benjamin S. Lerner and Joe Gibbs Politz},
	title = {Programming and Programming Languages (PAPL)},
	year = {2019},
	url = {https://papl.cs.brown.edu/2019/}
}

@online{leandro,
	author = {Leandro T. C. Melo},
	title = {The Basics of a Standard Type Inference Technique},
	year = {2020},
	url = {https://www.hackernoon.com/the-basics-of-a-standard-type-inference-technique-oaw3t05}
}

@book{church1936,
	author = {Alonzo Church},
	title = {Introduction to Mathematical Logic},
	year = {1936},
	isbn = {978-0-691-02906-1}
}

@book{church1941,
	author = {Alonzo Church},
	title = {The Calculi of Lambda-Conversion},
	year = {1941},
	isbn = {978-0-691-08394-0}
}

@online{splinter1,
	author = {Splinter Suidman},
	title = {Introduction to Type Systems: Simply Typed Lambda Calculus},
	year = {2020},
	url = {https://splintah.github.io/posts/2020-05-24-Simply-typed-lambda.html}
}

@online{splinter2,
	author = {Splinter Suidman},
	title = {Introduction to Type Systems: Polymorphic Lambda Calculus},
	year = {2020},
	url = {https://splintah.github.io/posts/2020-05-27-Polymorphic-lambda.html}
}

@online{splinter3,
	author = {Splinter Suidman},
	title = {Introduction to Type Systems: Type Inference},
	year = {2020},
	url = {https://splintah.github.io/posts/2020-06-14-Type-inference.html}
}

@thesis{damas,
	author = {Luis Damas},
	title = {Type Assignment in Programming Languages},
	type = {PhD Thesis},
	institution = {University of Edinburgh},
	year = {1985}
}

@article{hindley,
	author = {J. Roger Hindley},
	title = {The Principal Type Scheme of an Object in Combinatory Logic},
	journaltitle = {Transactions of the American Mathematical Society},
	year = {1969}
}

@article{milner,
	author = {Robin Milner},
	title = {A Theory of Type Polymorphism in Programming},
	journaltitle = {Journal of Computer and System Sciences},
	year = {1978}
}

@article{cardelli,
	author = {Luca Cardelli and Peter Wegner},
	title = {On understanding types, data abstraction, and polymorphism},
	journaltitle = {ACM Computing Surveys},
	year = {1985}
}

@article{wells,
	author = {Joe B. Wells},
	title = {Typability and type checking in System F are equivalent and undecidable},
	journaltitle = {Annals of Pure and Applied Logic},
	year = {1999},
	url = {https://www.sciencedirect.com/science/article/pii/S0168007298000475}
}

@article{reynolds,
	author = { John C. Reynolds },
	title = {Towards a theory of type structure},
	journaltitle = {Proc. Collaque sur la Programmation},
	year = {1974}
}

@thesis{girard,
	author= {Jean-Yves Girard},
	title = {Interprétation fonctionnelle et élimination des coupures de l’arith-métique d’ordre supérieur},
	type = {Thèse d’état},
	institution = {Université Paris VII},
	year = {1972}
}

@article{kfoury,
	author = {A. J. Kfoury and J. Tiuryn and P. Urzyczyn},
	title = {The undecidability of the semi-unification problem},
	journaltitle = {Information and Computation 1},
	year = {1993}
}

@inproceedings{boehm1985,
	author = {Hans-J Boehm},
	title = {Partial polymorphic type inference is undecidable},
	year = {1985},
	publisher = {IEEE},
	url = {https://doi.ieeecomputersociety.org/10.1109/SFCS.1985.44},
	doi = {10.1109/SFCS.1985.44},
	eventtitle = {26th Annual Symposium on Foundations of Computer Science}
}

@inproceedings{boehm1989,
	author = {Hans-J Boehm},
	title = {Type Inference in the Presence of Type Abstraction},
	year = {1989},
	publisher = {Association for Computing Machinery},
	url = {https://doi.org/10.1145/73141.74835},
	doi = {10.1145/73141.74835},
	location = {Portland, Oregon, USA},
	eventtitle = {ACM SIG-PLAN Conference on Programming Language Design and Implementation},
	series = {PLDI '89}
}

@article{liskov,
	author = {Liskov, Barbara H. and Wing, Jeannette M.},
	title = {A Behavioral Notion of Subtyping},
	year = {1994},
	publisher = {Association for Computing Machinery},
	address = {New York, NY, USA},
	url = {https://doi.org/10.1145/197320.197383},
	doi = {10.1145/197320.197383},
	journal = {ACM Trans. Program. Lang. Syst.}
}

@book{osullivan,
	author = {Bryan O'Sullivan and Don Stewart and John Goerzen},
	title = {Real World Haskell},
	year = {2008},
	isbn = {978-0-596-51498-3},
	url = {http://www.realworldhaskell.org/}
}

@article{pierceturner,
	author = {Pierce, Benjamin C. and Turner, David N.},
	title = {Local Type Inference},
	year = {2000},
	publisher = {Association for Computing Machinery},
	volume = {22},
	url = {https://doi.org/10.1145/345099.345100},
	doi = {10.1145/345099.345100},
	journal = {ACM Trans. Program. Lang. Syst.},
	month = jan
}

@online{toni,
	author = {Toni Suter},
	title = {Bi-directional Type Inference in Swift},
	year = {2017},
	url = {https://tonisuter.com/blog/2017/08/bi-directional-type-inference-swift/}
}

@thesis{dolan,
	author = {Stephen Dolan},
	title = {Algebraic Subtyping},
	type = {PhD Thesis},
	institution = {University of Cambridge},
	year = {2016},
	month = {09}
}

@article{mitchell,
	author = {Mitchell, John C.},
	title = {Type inference with simple subtypes},
	doi = {10.1017/S0956796800000113},
	journal = {Journal of Functional Programming},
	publisher = {Cambridge University Press},
	year={1991}
}

@online{parreaux,
	author = {Lionel Parreaux},
	title = {Demystifying MLsub — the Simple Essence of Algebraic Subtyping},
	year = {2020},
	url = {https://lptk.github.io/programming/2020/03/26/demystifying-mlsub.html},
	month = {03}
}

@book{hopcroft,
	author = {Hopcroft, John E. and Motwani, Rajeev and Ullman, Jeffrey D.},
	title = {Introduction to Automata Theory, Languages, and Computation},
	year = {2007},
	edition = {3rd},
	isbn = {0-321-45536-3}
}

@Misc{nystrom,
    author = {Robert Nystrom},
    title = {Crafting Interpreters},
    howpublished = {Online},
    url = {https://craftinginterpreters.com}
}

@book{kleene,
    author = {Stephen C. Kleene},
    title = {Introduction to Metamathematics},
    year = {1952},
    isbn = {0923891579}
}

@incollection{sorensen,
    title = {Chapter 11 - Second-order logic polymorphism},
    editor = {Morten Heine Sørensen and Paweł Urzyczyin},
    series = {Studies in Logic and the Foundations of Mathematics},
    publisher = {Elsevier},
    volume = {149},
    pages = {269-302},
    year = {2006},
    booktitle = {Lectures on the Curry-Howard Isomorphism},
    issn = {0049-237X},
    doi = {https://doi.org/10.1016/S0049-237X(06)80012-1},
    url = {https://www.sciencedirect.com/science/article/pii/S0049237X06800121},
    author = {Morten Heine Sørensen and Pawel Urzyczyin}
}
